@misc{kovacik_bachelor,
AUTHOR = "KOVÁČIK, Milan",
TITLE = "Simulation-based analysis of large-scale dynamical systems [online]",
YEAR = "2012 [cit. 2012-03-11]",
TYPE = "Bakalářská práce",
SCHOOL = "Masarykova univerzita, Fakulta informatiky",
SUPERVISOR = "David Šafránek",
URL = "http://is.muni.cz/th/98672/fi_b/",
}
@misc{papousek_bachelor,
AUTHOR = "PAPOUŠEK, Jan",
TITLE = "Paralelizace metod pro analýzu dynamických systémů pomocí grafické karty [online]",
YEAR = "2011 [cit. 2012-03-11]",
TYPE = "Bakalářská práce",
SCHOOL = "Masarykova univerzita, Fakulta informatiky",
SUPERVISOR = "Sven Dražan",
URL = "http://is.muni.cz/th/325494/fi_b/"
}
@misc{vejpustek_bachelor,
AUTHOR = "VEJPUSTEK, Tomáš",
TITLE = "Visual Specification of Temporal Properties over Time Series [online]",
YEAR = "2011 [cit. 2012-03-11]",
TYPE = "Bakalářská práce",
SCHOOL = "Masarykova univerzita, Fakulta informatiky",
SUPERVISOR = "David Šafránek",
URL = "http://is.muni.cz/th/324713/fi_b/",
}
@MastersThesis{drazan_master,
AUTHOR = "DRAŽAN, Sven",
TITLE = "Výpočetní analýza nelineárních dynamických systémů [online]",
YEAR = "2011 [cit. 2012-03-11]",
TYPE = "Diplomová práce",
SCHOOL = "Masarykova univerzita, Fakulta informatiky",
SUPERVISOR = "David Šafránek",
URL = "http://is.muni.cz/th/139891/fi_m/"
}
@misc{cuda_doc,
	title		    = {NVIDIA CUDA Computing Documentation},
	organization	= {NVIDIA Corporation},
	url		= {http://developer.nvidia.com/nvidia-gpu-computing-documentation},
    year = "2011 [cit. 2012-03-11]"
}
@book{hadoop_book,
    author = {WHITE, Tom},
    day = {12},
    edition = {Original},
    howpublished = {Paperback},
    isbn = {0596521979},
    month = jun,
    posted-at = {2009-06-20 17:40:53},
    priority = {2},
    publisher = {O'Reilly Media},
    title = {{Hadoop: The Definitive Guide}},
    url = {http://www.amazon.com/exec/obidos/redirect?tag=citeulike07-20\&path=ASIN/0596521979},
    year = {2009}
}
